@book{varela2003arbol,
  title={El {\'a}rbol del conocimiento: las bases biol{\'o}gicas del entendimiento humano},
  author={V{\'A}RELA G Francisco, Francisco and Maturana, Humberto},
  year={2003},
  publisher={LUMEN HUMANITAS}
}
@article{maturana1994maquinas,
  title={De m{\'a}quinas y Seres Vivos. Autopoiesis: La organizaci{\'o}n de lo Vivo. Editorial Universitaria},
  author={Maturana, Humberto and Varela, Francisco},
  journal={Santiago},
  year={1994}
}
@book{ashby1972introduccion,
  title={Introducci{\'o}n a la cibern{\'e}tica},
  author={Ashby, W Ross and Santos, Jorge},
  year={1972},
  publisher={Nueva Visi{\'o}n}
}
@book{von1993teoria,
  title={Teor{\'\i}a general de los sistemas},
  author={Von Bertalanffy, Ludwig},
  year={1993},
  publisher={Fondo de cultura econ{\'o}mica}
}